@article{dasgupta2015comrade,
  title={The comrade system for multirobot autonomous landmine detection in postconflict regions},
  author={Dasgupta, Prithviraj and Baca, Jos{\'e} and Guruprasad, KR and Mu{\~n}oz-Mel{\'e}ndez, Ang{\'e}lica and Jumadinova, Janyl},
  journal={Journal of Robotics},
  volume={2015},
  year={2015},
  publisher={Hindawi}
}
@article{henkel2016energy,
  title={Energy efficient dynamic window approach for local path planning in mobile service robotics},
  author={Henkel, Christian and Bubeck, Alexander and Xu, Weiliang},
  journal={IFAC-PapersOnLine},
  volume={49},
  number={15},
  pages={32--37},
  year={2016},
  publisher={Elsevier}
}
@article{abd2015comprehensive,
  title={A comprehensive study on pathfinding techniques for robotics and video games},
  author={Abd Algfoor, Zeyad and Sunar, Mohd Shahrizal and Kolivand, Hoshang},
  journal={International Journal of Computer Games Technology},
  volume={2015},
  year={2015},
  publisher={Hindawi}
}
@inproceedings{bnaya2013multi,
  title={Multi-Agent Path Finding for Self Interested Agents.},
  author={Bnaya, Zahy and Stern, Roni and Felner, Ariel and Zivan, Roie and Okamoto, Steven},
  booktitle={SoCS},
  year={2013}
}
@misc{numpy_2021, url={https://numpy.org/}, journal={NumPy}, author={NumPy}, year={2021}}
@misc{pytest_2021, url={https://docs.pytest.org/en/6.2.x/}, journal={PyTest}, author={Krekel, Holger and others}, year={2021}}
@inproceedings{harabor2011online,
  title={Online graph pruning for pathfinding on grid maps},
  author={Harabor, Daniel and Grastien, Alban},
  booktitle={Proceedings of the AAAI Conference on Artificial Intelligence},
  volume={25},
  year={2011}
}
@article{jiang2018eight,
  title={An Eight-Direction Scanning Detection Algorithm for the Mapping Robot Pathfinding in Unknown Indoor Environment},
  author={Jiang, Le and Zhao, Pengcheng and Dong, Wei and Li, Jiayuan and Ai, Mingyao and Wu, Xuan and Hu, Qingwu},
  journal={Sensors},
  volume={18},
  number={12},
  pages={4254},
  year={2018},
  publisher={Multidisciplinary Digital Publishing Institute}
}
@article{sturtevant2012benchmarks,
  title={Benchmarks for grid-based pathfinding},
  author={Sturtevant, Nathan R},
  journal={IEEE Transactions on Computational Intelligence and AI in Games},
  volume={4},
  number={2},
  pages={144--148},
  year={2012},
  publisher={IEEE}
}
@article{karur2021survey,
  title={A Survey of Path Planning Algorithms for Mobile Robots},
  author={Karur, Karthik and Sharma, Nitin and Dharmatti, Chinmay and Siegel, Joshua E},
  journal={Vehicles},
  volume={3},
  number={3},
  pages={448--468},
  year={2021},
  publisher={Multidisciplinary Digital Publishing Institute}
}
@article{vermette2011survey,
  title={A survey of path-finding algorithms employing automatic hierarchical abstraction},
  author={Vermette, Jonathan},
  journal={Journal of the Association for Computing Machinery},
  volume={377},
  pages={383},
  year={2011}
}
@misc{belwariar_2021, title={A* search algorithm}, url={https://www.geeksforgeeks.org/a-search-algorithm/}, journal={GeeksforGeeks}, publisher={GeeksforGeeks}, author={Belwariar, Rachit}, year={2021}, month={Aug}} 
@misc{akash_2020, title={A* algorithm: Introduction to the A* seach algorithm}, url={https://www.edureka.co/blog/a-search-algorithm/}, journal={Edureka}, author={Akash}, year={2020}, month={Nov}} 
@article{li2014coordinated,
  title={Coordinated control of slip ratio for wheeled mobile robots climbing loose sloped terrain},
  author={Li, Zhengcai and Wang, Yang},
  journal={The Scientific World Journal},
  volume={2014},
  year={2014},
  publisher={Hindawi}
}